@dataset{cpi,
  author = {United States Bureau of Labor Statistics},
  title = {All items in U.S. city average, all urban consumers, not seasonally adjusted. Series ID CUUR0000SA0},
  year = {2020},
  publisher = {United States Bureau of Labor Statistics}}